@misc{xie2015holisticallynested,
      title={Holistically-Nested Edge Detection}, 
      author={Saining Xie and Zhuowen Tu},
      year={2015},
      eprint={1504.06375},
      archivePrefix={arXiv},
      primaryClass={cs.CV}
}

@INPROCEEDINGS{6460720,
  author={Madabusi, Sudarshan and Gangashetty, Suryakanth V.},
  booktitle={Proceedings of the 21st International Conference on Pattern Recognition (ICPR2012)}, 
  title={Edge detection for facial images under noisy conditions}, 
  year={2012},
  volume={},
  number={},
  pages={2689-2693},
  doi={}}

@ARTICLE{4767851,
  author={Canny, John},
  journal={IEEE Transactions on Pattern Analysis and Machine Intelligence}, 
  title={A Computational Approach to Edge Detection}, 
  year={1986},
  volume={PAMI-8},
  number={6},
  pages={679-698},
  doi={10.1109/TPAMI.1986.4767851}}

@INPROCEEDINGS{6100495,
  author={Yang, Lei and Wu, Xiaoyu and Zhao, Dewei and Li, Hui and Zhai, Jun},
  booktitle={2011 4th International Congress on Image and Signal Processing}, 
  title={An improved Prewitt algorithm for edge detection based on noised image}, 
  year={2011},
  volume={3},
  number={},
  pages={1197-1200},
  doi={10.1109/CISP.2011.6100495}}


@ARTICLE{996,
  author={Kanopoulos, N. and Vasanthavada, N. and Baker, R.L.},
  journal={IEEE Journal of Solid-State Circuits}, 
  title={Design of an image edge detection filter using the Sobel operator}, 
  year={1988},
  volume={23},
  number={2},
  pages={358-367},
  doi={10.1109/4.996}}


@INPROCEEDINGS{6223430,
  author={Chen, Wei and Sui, Lichun and Xu, Zhengchao and Lang, Yu},
  booktitle={2012 International Conference on Systems and Informatics (ICSAI2012)}, 
  title={Improved Zhang-Suen thinning algorithm in binary line drawing applications}, 
  year={2012},
  volume={},
  number={},
  pages={1947-1950},
  doi={10.1109/ICSAI.2012.6223430}}


@article{Kanade-1977-15584,
author = {Takeo Kanade},
title = {Computer Recognition of Human Faces},
journal = {Interdisciplinary Systems Research},
year = {1977},
month = {January},
volume = {47},
}

@ARTICLE{4767769,
  author={Torre, Vincent and Poggio, Tomaso A.},
  journal={IEEE Transactions on Pattern Analysis and Machine Intelligence}, 
  title={On Edge Detection}, 
  year={1986},
  volume={PAMI-8},
  number={2},
  pages={147-163},
  doi={10.1109/TPAMI.1986.4767769}}
  
@misc{bertasius2015deepedge,
      title={DeepEdge: A Multi-Scale Bifurcated Deep Network for Top-Down Contour Detection}, 
      author={Gedas Bertasius and Jianbo Shi and Lorenzo Torresani},
      year={2015},
      eprint={1412.1123},
      archivePrefix={arXiv},
      primaryClass={cs.CV}
}

@INPROCEEDINGS{7299024,
  author={Wei Shen and Xinggang Wang and Yan Wang and Xiang Bai and Zhang, Zhijiang},
  booktitle={2015 IEEE Conference on Computer Vision and Pattern Recognition (CVPR)}, 
  title={DeepContour: A deep convolutional feature learned by positive-sharing loss for contour detection}, 
  year={2015},
  volume={},
  number={},
  pages={3982-3991},
  doi={10.1109/CVPR.2015.7299024}}

@INPROCEEDINGS{8803828,
  author={Wang, Tianren and Zhang, Teng and Liu, Liangchen and Wiliem, Arnold and Lovell, Brian},
  booktitle={2019 IEEE International Conference on Image Processing (ICIP)}, 
  title={Cannygan: Edge-Preserving Image Translation with Disentangled Features}, 
  year={2019},
  volume={},
  number={},
  pages={514-518},
  doi={10.1109/ICIP.2019.8803828}}

@BOOK{1990ph...book.....L,
       author = {{Lim}, Jae S.},
        title = "{Two-dimensional signal and image processing}",
         year = 1990,
       adsurl = {https://ui.adsabs.harvard.edu/abs/1990ph...book.....L},
      adsnote = {Provided by the SAO/NASA Astrophysics Data System}
}

@INPROCEEDINGS{9407182,
  author={Li, Jiajun and Louri, Ahmed and Karanth, Avinash and Bunescu, Razvan},
  booktitle={2021 IEEE International Symposium on High-Performance Computer Architecture (HPCA)}, 
  title={CSCNN: Algorithm-hardware Co-design for CNN Accelerators using Centrosymmetric Filters}, 
  year={2021},
  volume={},
  number={},
  pages={612-625},
  doi={10.1109/HPCA51647.2021.00058}}


@ARTICLE{6975234,
  author={Doll√°r, Piotr and Zitnick, C. Lawrence},
  journal={IEEE Transactions on Pattern Analysis and Machine Intelligence}, 
  title={Fast Edge Detection Using Structured Forests}, 
  year={2015},
  volume={37},
  number={8},
  pages={1558-1570},
  doi={10.1109/TPAMI.2014.2377715}}

@article{1980,
	doi = {10.1098/rspb.1980.0020},
	url = {https://doi.org/10.1098%2Frspb.1980.0020},
	year = 1980,
	month = {feb},
	publisher = {The Royal Society},
	volume = {207},
	number = {1167},
	pages = {187--217},
	title = {Theory of edge detection},
	journal = {Proceedings of the Royal Society of London. Series B. Biological Sciences}
}}

@INPROCEEDINGS{6885761,
  author={Rong, Weibin and Li, Zhanjing and Zhang, Wei and Sun, Lining},
  booktitle={2014 IEEE International Conference on Mechatronics and Automation}, 
  title={An improved Canny edge detection algorithm}, 
  year={2014},
  volume={},
  number={},
  pages={577-582},
  doi={10.1109/ICMA.2014.6885761}}

@article{chen2020edge,
  title={Edge detection based on generative adversarial networks},
  author={Chen, Xiaoyan and Chen, Jiahuan and Sha, Zhongcheng},
  journal={Journal of New Media},
  volume={2},
  number={2},
  pages={61--77},
  year={2020}
}

@article{levkine2012prewitt,
  title={Prewitt, Sobel and Scharr gradient 5x5 convolution matrices},
  author={Levkine, G},
  journal={Image Process. Articles, Second Draft},
  year={2012}
}