@misc{goodfellow2014generative,
      title={Generative Adversarial Networks}, 
      author={Ian J. Goodfellow and Jean Pouget-Abadie and Mehdi Mirza and Bing Xu and David Warde-Farley and Sherjil Ozair and Aaron Courville and Yoshua Bengio},
      year={2014},
      eprint={1406.2661},
      archivePrefix={arXiv},
      primaryClass={stat.ML}
}

@misc{mirza2014conditional,
      title={Conditional Generative Adversarial Nets}, 
      author={Mehdi Mirza and Simon Osindero},
      year={2014},
      eprint={1411.1784},
      archivePrefix={arXiv},
      primaryClass={cs.LG}
}

@misc{liu2017autopainter,
      title={Auto-painter: Cartoon Image Generation from Sketch by Using Conditional Generative Adversarial Networks}, 
      author={Yifan Liu and Zengchang Qin and Zhenbo Luo and Hua Wang},
      year={2017},
      eprint={1705.01908},
      archivePrefix={arXiv},
      primaryClass={cs.CV}
}

@misc{isola2018imagetoimage,
      title={Image-to-Image Translation with Conditional Adversarial Networks}, 
      author={Phillip Isola and Jun-Yan Zhu and Tinghui Zhou and Alexei A. Efros},
      year={2018},
      eprint={1611.07004},
      archivePrefix={arXiv},
      primaryClass={cs.CV}
}

@misc{ronneberger2015unet,
      title={U-Net: Convolutional Networks for Biomedical Image Segmentation}, 
      author={Olaf Ronneberger and Philipp Fischer and Thomas Brox},
      year={2015},
      eprint={1505.04597},
      archivePrefix={arXiv},
      primaryClass={cs.CV}
}

@misc{zhang2016colorful,
      title={Colorful Image Colorization}, 
      author={Richard Zhang and Phillip Isola and Alexei A. Efros},
      year={2016},
      eprint={1603.08511},
      archivePrefix={arXiv},
      primaryClass={cs.CV}
}

@misc{karras2020analyzing,
      title={Analyzing and Improving the Image Quality of StyleGAN}, 
      author={Tero Karras and Samuli Laine and Miika Aittala and Janne Hellsten and Jaakko Lehtinen and Timo Aila},
      year={2020},
      eprint={1912.04958},
      archivePrefix={arXiv},
      primaryClass={cs.CV}
}

@article{article0,
author = {Ud Din, Nizam and Javed, Kamran and Bae, Seho and Yi, Juneho},
year = {2020},
month = {03},
pages = {44276-44287},
title = {A Novel GAN-Based Network for Unmasking of Masked Face},
volume = {PP},
journal = {IEEE Access},
doi = {10.1109/ACCESS.2020.2977386}
}

@article{Hays:2007,
 author = {James Hays and Alexei A Efros},
 title = {Scene Completion Using Millions of Photographs},
 journal = {ACM Transactions on Graphics (SIGGRAPH 2007)},
 volume = {26},
 number = {3},
 year = {2007},
}

@article{Darabi2012,
  doi = {10.1145/2185520.2185578},
  url = {https://doi.org/10.1145/2185520.2185578},
  year = {2012},
  month = jul,
  publisher = {Association for Computing Machinery ({ACM})},
  volume = {31},
  number = {4},
  pages = {1--10},
  author = {Soheil Darabi and Eli Shechtman and Connelly Barnes and Dan B. Goldman and Pradeep Sen},
  title = {Image melding},
  journal = {{ACM} Transactions on Graphics}
}

@article{Zhang2019,
  doi = {10.1007/s41095-019-0136-1},
  url = {https://doi.org/10.1007/s41095-019-0136-1},
  year = {2019},
  month = mar,
  publisher = {Springer Science and Business Media {LLC}},
  volume = {5},
  number = {1},
  pages = {105--115},
  author = {Shuyang Zhang and Runze Liang and Miao Wang},
  title = {{ShadowGAN}: Shadow synthesis for virtual objects with conditional adversarial networks},
  journal = {Computational Visual Media}
}

@article{Zhang2022,
  doi = {10.1016/j.cmpb.2022.107026},
  url = {https://doi.org/10.1016/j.cmpb.2022.107026},
  year = {2022},
  month = sep,
  publisher = {Elsevier {BV}},
  volume = {224},
  pages = {107026},
  author = {Fan Zhang and Yingqi Zhang and Xiaoke Zhu and Xiaopan Chen and Haishun Du and Xinhong Zhang},
  title = {{PregGAN}: A prognosis prediction model for breast cancer based on conditional generative adversarial networks},
  journal = {Computer Methods and Programs in Biomedicine}
}

@article{Toda2022,
  doi = {10.1038/s41598-022-16861-5},
  url = {https://doi.org/10.1038/s41598-022-16861-5},
  year = {2022},
  month = jul,
  publisher = {Springer Science and Business Media {LLC}},
  volume = {12},
  number = {1},
  author = {Ryo Toda and Atsushi Teramoto and Masashi Kondo and Kazuyoshi Imaizumi and Kuniaki Saito and Hiroshi Fujita},
  title = {Lung cancer {CT} image generation from a free-form sketch using style-based pix2pix for data augmentation},
  journal = {Scientific Reports}
}

@article{Hlscher2022,
  doi = {10.1016/j.procs.2022.09.145},
  url = {https://doi.org/10.1016/j.procs.2022.09.145},
  year = {2022},
  publisher = {Elsevier {BV}},
  volume = {207},
  pages = {897--906},
  author = {Dirk H\"{o}lscher and Christoph Reich and Martin Knahl and Frank Gut and Nathan Clarke},
  title = {Surface Quality Augmentation for Metalworking Industry with Pix2Pix},
  journal = {Procedia Computer Science}
}

@article{Mehmood2022,
  doi = {10.1016/j.jksuci.2022.05.015},
  url = {https://doi.org/10.1016/j.jksuci.2022.05.015},
  year = {2022},
  month = jul,
  publisher = {Elsevier {BV}},
  volume = {34},
  number = {7},
  pages = {4358--4374},
  author = {Mavra Mehmood and Nasser Alshammari and Saad Awadh Alanazi and Asma Basharat and Fahad Ahmad and Muhammad Sajjad and Kashaf Junaid},
  title = {Improved colorization and classification of intracranial tumor expanse in {MRI} images via hybrid scheme of Pix2Pix-{cGANs} and {NASNet}-large},
  journal = {Journal of King Saud University - Computer and Information Sciences}
}

@article{1323101,
  author={Criminisi, A. and Perez, P. and Toyama, K.},
  journal={IEEE Transactions on Image Processing}, 
  title={Region filling and object removal by exemplar-based image inpainting}, 
  year={2004},
  volume={13},
  number={9},
  pages={1200-1212},
  doi={10.1109/TIP.2004.833105}
}

@article{9366777,
  author={Ma, Nachuan and Wang, Jiankun and Liu, Jianbang and Meng, Max Q.-H.},
  journal={IEEE Transactions on Cognitive and Developmental Systems}, 
  title={Conditional Generative Adversarial Networks for Optimal Path Planning}, 
  year={2022},
  volume={14},
  number={2},
  pages={662-671},
  doi={10.1109/TCDS.2021.3063273}
}

@ARTICLE{8195348,
  author={Wu, Xian and Xu, Kun and Hall, Peter},
  journal={Tsinghua Science and Technology}, 
  title={A survey of image synthesis and editing with generative adversarial networks}, 
  year={2017},
  volume={22},
  number={6},
  pages={660-674},
  doi={10.23919/TST.2017.8195348}
}
